@article{Kamrin, 
title={A general fluid–sediment mixture model and constitutive theory validated in many flow regimes}, 
volume={861}, DOI={10.1017/jfm.2018.914}, 
journal={Journal of Fluid Mechanics}, 
publisher={Cambridge University Press}, 
author={Baumgarten, Aaron S. and Kamrin, Ken}, year={2019}, pages={721–764}}

@article{DRUMHELLER,
title = "On theories for reacting immiscible mixtures",
journal = "International Journal of Engineering Science",
volume = "38",
number = "3",
pages = "347 - 382",
year = "2000",
issn = "0020-7225",
doi = "https://doi.org/10.1016/S0020-7225(99)00047-6",
url = "http://www.sciencedirect.com/science/article/pii/S0020722599000476",
author = "D.S. Drumheller"
}

@article{Rzadkiewicz,
title = "Numerical Simulation of Submarine Landslides and Their Hydraulic Effects",
journal = "Journal of Waterway, Port, Coastal, and Ocean Engineering",
volume = "123",
number = "4",
year = "1997",
doi = "https://doi.org/10.1061/(ASCE)0733-950X(1997)123:4(149)",
author = "S. Assier Rzadkiewicz; C. Mariotti; and P. Heinrich"
}


@article{BANDARA,
title = "Coupling of soil deformation and pore fluid flow using material point method",
journal = "Computers and Geotechnics",
volume = "63",
pages = "199 - 214",
year = "2015",
issn = "0266-352X",
doi = "https://doi.org/10.1016/j.compgeo.2014.09.009",
url = "http://www.sciencedirect.com/science/article/pii/S0266352X14001839",
author = "Samila Bandara and Kenichi Soga"
}

@article{MPMICE,
title = "An Eulerian–Lagrangian approach for simulating explosions of energetic devices",
journal = "Computers and Structures",
volume = "85",
number = "11",
pages = "660 - 674",
year = "2007",
issn = "0045-7949",
doi = "https://doi.org/10.1016/j.compstruc.2007.01.031",
url = "http://www.sciencedirect.com/science/article/pii/S0045794907000429",
author = "J.E. Guilkey and T.B. Harman and B. Banerjee"
}

@techreport{ICE,
author = "B. A. Kashiwa and N. T. Padial and 
         R. M. Rauenzahn and W.B. VanderHeyden",
title = "A Cell-Centered ICE Method for Multiphase Flow Simulations",
institution = "Los Alamos National Laboratory",
number = "LA-UR-93-3922",
year = "1994"}

@techreport{Kashiwa,
author = "B. A. Kashiwa",
title = "A multifield Model and Method for fluid-structure interaction dynamics",
institution = "Los Alamos National Laboratory",
number = "LA-UR-01-1136",
year = "2001"}

@article{Hassanizadeh,
title = "Derivation of basic equations of mass transport in porous media, Part1: Macroscopic balance laws",
journal = "Advances in Water Resources",
volume = "9",
pages = "196-206",
year = "1986",
doi = "https://doi.org/10.1016/0309-1708(86)90024-2",
author = "S.Majid Hassanizadeh"
}

@article{water,
title = "Strange Carnot Cycles; Thermodynamics of a System with a Density Exremum",
journal = "American JOurnal of Physics",
volume = "30",
pages = "26-33",
year = "1962",
author = "J. S. Thomsen and T. J. Hartka"
}

@article{permeability,
title = "Towards unified drag laws for inertial flow through fibrous materials",
journal = "Chemical Engineering Journal",
volume = "207-208",
pages = "35-48",
year = "2012",
author = "K. Yazdchi and S. Luding"
}